@article{bloom:09,
 	author = {Bloom, N.},
 	title = {{The Impact of Uncertainty Shocks}},
 	journal = {Econometrica},
 	year = {2009},
 	volume = {77},
 	number = {3},
 	pages = {623-685},
 	month = {},
}

@article{ramzub:18,
	author = {Valerie A. Ramey and Sarah Zubairy},
	title = {{Government Spending Multipliers in Good Times and in Bad: Evidence from US Historical Data}},
	journal = {Journal of Political Economy},
	volume = {126},
	number = {2},
	pages = {850-901},
	year = {2018},
	doi = {10.1086/696277}
}


@TechReport{gilchristetal:14,
  author={Simon Gilchrist and Jae W. Sim and Egon Zakrajšek},
  title={{Uncertainty, Financial Frictions, and Investment Dynamics}},
  year={2014},
  month={Apr},
  institution={National Bureau of Economic Research, Inc},
  type={NBER Working Papers},
  number={20038}
}

@Article{bachmannandbayer:13,
  author={Bachmann, Rüdiger and Bayer, Christian},
  title={{‘Wait-and-See’ business cycles?}},
  journal={Journal of Monetary Economics},
  year=2013,
  volume={60},
  number={6},
  pages={704-719}
}

@article{jorda:05,
	Author = {Jord{\`a}, {\`O}scar},
	Title = {{Estimation and Inference of Impulse Responses by Local Projections}},
	Journal = {American Economic Review},
	Volume = {95},
	Number = {1},
	Year = {2005},
	Month = {March},
	Pages = {161-182},
	DOI = {10.1257/0002828053828518}
}


@article{cox:61,
 ISSN = {00359246},
 author = {D. R. Cox},
 journal = {Journal of the Royal Statistical Society. Series B (Methodological)},
 number = {2},
 pages = {414--422},
 publisher = {[Royal Statistical Society, Wiley]},
 title = {{Prediction by Exponentially Weighted Moving Averages and Related Methods}},
 volume = {23},
 year = {1961}
}

@article {marcellinoetal:06,
	title = {{A Comparison of Direct and Iterated Multistep AR Methods for Forecasting Macroeconomic Time Series}},
	journal = {Journal of Econometrics},
	volume = {135},
	year = {2006},
	pages = {499-526},
	author = {M. Marcellino and J Stock and M. Watson}
}

@Article{weiss:91,
  author={Weiss, Andrew A.},
  title={{Multi-step estimation and forecasting in dynamic models}},
  journal={Journal of Econometrics},
  year={1991},
  volume={48},
  number={1-2},
  pages={135-149}
}

@book{hamilton:94,
  address = {Princeton, NJ},
  author = {Hamilton, James Douglas},
  publisher = {Princeton Univ. Press},
  timestamp = {2009-08-21T10:01:07.000+0200},
  title = {{Time series analysis}},
  year = {1994}
}

@Article{koopetal:96,
  author={Koop, Gary and Pesaran, M. Hashem and Potter, Simon M.},
  title={{Impulse response analysis in nonlinear multivariate models}},
  journal={Journal of Econometrics},
  year={1996},
  volume={74},
  number={1},
  pages={119-147},
  month={September}
}

@ARTICLE{sims:80,
title = {Macroeconomics and Reality},
author = {Sims, Christopher},
year = {1980},
journal = {Econometrica},
volume = {48},
number = {1},
pages = {1-48}
}

@incollection{bhansali:02,
	author = {Bhansali, R. J.},
	title = {{Multi-Step Forecasting}},
	booktitle = {A Companion to Economic Forecasting},
	publisher = {Wiley-Blackwell},
	year = {2007},
	pages = {206-221},
	chapter = {9}
}

@article{romandrom:17,
	author = {Romer, Christina D. and Romer, David H.},
	title = {{New Evidence on the Aftermath of Financial Crises in Advanced Countries}},
	journal = {American Economic Review},
	volume = {107},
	number = {10},
	year = {2017},
	month = {October},
	pages = {3072-3118}
}

@TechReport{ramey:09,
  author={Valerie A. Ramey},
  title={{Identifying Government Spending Shocks: It's All in the Timing}},
  year=2009,
  month=Oct,
  institution={National Bureau of Economic Research, Inc},
  type={NBER Working Papers},
  number={15464}
}

@book{keynes:21,
    author    = {Keynes, John M.},
    title     = {{A Treatise on Probability}},
    year      = {1921},
    publisher = {Macmillan \& Co.},
    address   = {London}
}

@article{keynes:37,
author = {Keynes, J. M.},
title = {{The General Theory of Employment}},
journal = {The Quarterly Journal of Economics},
volume = {51},
number = {2},
pages = {209-223},
year = {1937}
}

@incollection{ramsey:26,
	title = {{Truth and Probability}},
	author = {Ramsey, Frank P.},
	year = {1926},
	chapter = {7},
	pages = {156-198},
	booktitle = {The Foundations of Mathematics and other Logical Essays},
	editor = {Braithwaite, R. B.},
	publisher = {McMaster University Archive for the History of Economic Thought}
}

@book{keynes:36,
    author    = {Keynes, John M.},
    title     = {{The General Theory of Employment, Interest and Money}},
    year      = {1936},
    publisher = {Macmillan \& Co.},
    address   = {London}
}

@book{schumpeter:42,
  address = {New York},
  author = {Schumpeter, Joseph A.},
  title = {{Capitalism, socialism, and democracy}},
  year = {1942},
  publisher = {Routledge}
}


@article{finetti:37,
	author = {de Finetti, Bruno},
	journal = {Annales de l'institut Henri Poincaré},
	keywords = {Probability theory, statistics, etc.},
	language = {fre},
	number = {1},
	pages = {1-68},
	publisher = {INSTITUT HENRI POINCARÉ ET GAUTHIER-VILLARS},
	title = {{La prévision : ses lois logiques, ses sources subjectives}},
	volume = {7},
	year = {1937},
}

@article{coddington:82,
  	author={Coddington, Alan},
  	title={{Deficient Foresight: A Troublesome Theme in Keynesian Economics}},
  	journal={American Economic Review},
  	year=1982,
  	volume={72},
  	number={3},
  	pages={480-487},
  	month={June}
}

@TECHREPORT{castelnuovoandtran:17,
	title = {Google It Up! A Google Trends-based Uncertainty Index for the United States and Australia},
	author = {Castelnuovo, Efrem and Tran, Trung Duc},
	year = {2017},
	institution = {CESifo Group Munich},
	type = {CESifo Working Paper Series},
	number = {6695}
}

@article{rameyandramey:95,
  	author={Ramey, Garey and Ramey, Valerie A},
  	title={{Cross-Country Evidence on the Link between Volatility and Growth}},
  	journal={American Economic Review},
  	year=1995,
  	volume={85},
  	number={5},
  	pages={1138-1151},
  	month={December}
}

@article{imbs:07,
	title = {{Growth and volatility}},
	author = {Imbs, Jean},
	year = {2007},
	journal = {Journal of Monetary Economics},
	volume = {54},
	number = {7},
	pages = {1848-1862}
}

@TECHREPORT{aghionetal:05,
	title = {Volatility and Growth: Credit Constraints and Productivity-Enhancing Investment},
	author = {Aghion, Philippe and Angeletos, George-Marios and Banerjee, Abhijit and Manova, Kalina},
	year = {2005},
	institution = {National Bureau of Economic Research, Inc},
	type = {NBER Working Papers},
	number = {11349}
}

@article{mills:00,
	title = {{Business Cycle Volatility and Economic Growth: A Reassessmen9t}},
	author = {Mills, Terence C.},
	year = {2000},
	journal = {Journal of Post Keynesian Economics},
	volume = {23},
	number = {1},
	pages = {107-116}
}

@article{bernanke:83,
	title = {{Irreversibility, Uncertainty, and Cyclical Investment}},
	author = {Bernanke, Ben S.},
	year = {1983},
	journal = {The Quarterly Journal of Economics},
	volume = {98},
	number = {1},
	pages = {85-106}
}

@article{dequesh:00,
  	author={David Dequech},
  	title={{Fundamental Uncertainty and Ambiguity}},
  	journal={Eastern Economic Journal},
  	year=2000,
  	volume={26},
  	number={1},
  	pages={41-60}
}

@article{leahyandwhited:96,
	title = {{The Effect of Uncertainty on Investment: Some Stylized Facts}},
	author = {Leahy, John and Whited, Toni},
	year = {1996},
	journal = {Journal of Money, Credit and Banking},
	volume = {28},
	number = {1},
	pages = {64-83}
}


@article{bloometal:07,
	title = {Uncertainty and Investment Dynamics},
	author = {Bloom, Nicholas and Bond, Stephen and van Reenen, John},
	year = {2007},
	journal = {Review of Economic Studies},
	volume = {74},
	number = {2},
	pages = {391-415}
}

@article{camererandweber:92,
	title = {{Recent Developments in Modeling Preferences: Uncertainty and Ambiguity}},
	author = {Camerer, Colin and Weber, Martin},
	year = {1992},
	journal = {Journal of Risk and Uncertainty},
	volume = {5},
	number = {4},
	pages = {325-70}
}

@article{bachmannetal:13,
  author={Bachmann, Rüdiger and Elstner, Steffen and Sims, Eric R.},
  title={{Uncertainty and Economic Activity: Evidence from Business Survey Data}},
  journal={American Economic Journal: Macroeconomics},
  year=2013,
  volume={5},
  number={2},
  pages={217-249},
  month={April}
}


@techreport{cboe:09,
     title = {{The CBOE Volatility Index - VIX}},
     author = {{Chicago Board Options Exchange}},
     year = {2009},
     institution = {Chicago Board Options Exchange},
     journal = {CBOE White Paper}
}

@TECHREPORT{moore:17,
	title = {{Measuring Economic Uncertainty and Its Effects}},
	author = {Moore, Angus},
	year = {2016},
	institution = {Reserve Bank of Australia},
	type = {RBA Research Discussion Papers}
}

@techreport{IMF:17,
author = {Ezgi O. Ozturk and Xuguang Simon Sheng},
title = {{Measuring Global and Country-Specific Uncertainty}},
institution = {International Monetary Fund},
year = {2017},
}

@BOOK{dixitandpindyck:94,
title = {Investment under Uncertainty},
author = {Dixit, Avinash and Pindyck, Robert},
year = {1994},
edition = {1},
publisher = {Princeton University Press}
}


@ARTICLE{bloom:14,
title = {Fluctuations in Uncertainty},
author = {Bloom, Nicholas},
year = {2014},
journal = {Journal of Economic Perspectives},
volume = {28},
number = {2},
pages = {153-76}
}

@ARTICLE{scotti:16,
title = {Surprise and uncertainty indexes: Real-time aggregation of real-activity macro-surprises},
author = {Scotti, Chiara},
year = {2016},
journal = {Journal of Monetary Economics},
volume = {82},
number = {C},
pages = {1-19}
}

@TECHREPORT{bloometal:12,
title = {Really Uncertain Business Cycles},
author = {Bloom, Nicholas and Floetotto, Max and Jaimovich, Nir and Saporta-Eksten, Itay and Terry, Stephen},
year = {2012},
institution = {National Bureau of Economic Research, Inc},
type = {NBER Working Papers},
number = {18245}
}


@TechReport{bontempietal:16,
  author={M. E. Bontempi and R. Golinelli and M. Squadrani},
  title={{A New Index of Uncertainty Based on Internet Searches: A Friend or Foe of Other Indicators?}},
  year={2016},
  month=Mar,
  institution={Dipartimento Scienze Economiche, Universita' di Bologna},
  type={Working Papers},
  number={wp1062}
}


@article{eberly:94,
author = { Janice C. Eberly },
title = {Adjustment of Consumers' Durables Stocks: Evidence from Automobile Purchases},
journal = {Journal of Political Economy},
volume = {102},
number = {3},
pages = {403-436},
year = {1994}
}

@ARTICLE{stockandwatson:12,
title = {Disentangling the Channels of the 2007-09 Recession},
author = {Stock, James H. and Watson, Mark W.},
year = {2012},
journal = {Brookings Papers on Economic Activity},
volume = {43},
number = {1 (Spring)},
pages = {81-156}
}

@ARTICLE{bentoliliaandbertola:90,
title = {Firing Costs and Labour Demand: How Bad is Eurosclerosis?},
author = {Bentolila, Samuel and Bertola, Giuseppe},
year = {1990},
journal = {Review of Economic Studies},
volume = {57},
number = {3},
pages = {381-402}
}


@ARTICLE{siegel:86,
	title = {The Value of Waiting to Invest},
	author = {McDonald, Robert and Siegel, Donald},
	year = {1986},
	journal = {The Quarterly Journal of Economics},
	volume = {101},
	number = {4},
	pages = {707-727}
}



@article{schaal:17,
author = {Edouard Schaal},
title = {Uncertainty and Unemployment},
journal = {Econometrica},
volume = {85},
number = {6},
year={2017},
pages = {1675-1721},
keywords = {Uncertainty, volatility, search‐and‐matching, business cycles}
}

@TechReport{arellanoetal:16,
  author={Cristina Arellano and Yan Bai and Patrick J. Kehoe},
  title={{Financial Frictions and Fluctuations in Volatility}},
  year=2016,
  month=Dec,
  institution={National Bureau of Economic Research, Inc},
  type={NBER Working Papers},
  url={https://ideas.repec.org/p/nbr/nberwo/22990.html},
  number={22990}
}

@Article{villaverdeetal:11,
  author={Jesus Fernandez-Villaverde and Pablo Guerron-Quintana and Juan F. Rubio-Ramirez and Martin Uribe},
  title={{Risk Matters: The Real Effects of Volatility Shocks}},
  journal={American Economic Review},
  year={2011},
  volume={101},
  number={6},
  pages={2530-2561},
  month={October}
}

@ARTICLE{romer:90,
title = {The Great Crash and the Onset of the Great Depression},
author = {Romer, Christina D.},
year = {1990},
journal = {The Quarterly Journal of Economics},
volume = {105},
number = {3},
pages = {597-624}
}


@TechReport{arenalloetal:11,
  author={Cristina Arellano and Yan Bai and Patrick Kehoe},
  title={{Financial Markets and Fluctuations in Uncertainty}},
  year={2011},
  institution={Society for Economic Dynamics},
  type={2011 Meeting Papers},
  number={896}
}

@MISC{schaal:11,
    author = {Edouard Schaal},
    title = {Uncertainty, Productivity and Unemployment in the Great Recession},
    year = {2011}
}

@article{hassler:96,
	title = {{Variations in risk and fluctuations in demand: A theoretical model}},
	author = {Hassler, John},
	year = {1996},
	journal = {Journal of Economic Dynamics and Control},
	volume = {20},
	number = {6-7},
	pages = {1115-1143}
}

@article{romerandromer:04,
  	author={Christina D. Romer and David H. Romer},
  	title={{A New Measure of Monetary Shocks: Derivation and Implications}},
 	 journal={American Economic Review},
  	year={2004},
  	volume={94},
  	number={4},
  	pages={1055-1084},
  	month={September}
}

@article{bakeretal:14,
	Author = {Baker, Scott R. and Bloom, Nicholas and Canes-Wrone, Brandice and Davis, Steven J. and Rodden, Jonathan},
	Title = {Why Has US Policy Uncertainty Risen since 1960?},
	Journal = {American Economic Review},
	Volume = {104},
	Number = {5},
	Year = {2014},
	Month = {May},
	Pages = {56-60},
DOI = {10.1257/aer.104.5.56}
}

@TechReport{davisetal:06,
  author={Stephen Davis and John Haltiwanger and Ron Jarmin and Javier Miranda},
  title={{Volatility and Dispersion in Business Growth Rates: Publicly Traded Versus Privately Held Firms}},
  year=2006,
  month=Jul,
  institution={Center for Economic Studies, U.S. Census Bureau},
  type={Working Papers},
  number={06-17}
}


@Article{alexopoulosandcohen:15,
  	author={Alexopoulos, Michelle and Cohen, Jon},
  	title={{The power of print: Uncertainty shocks, markets, and the economy}},
  	journal={International Review of Economics \& Finance},
  	year=2015,
  	volume={40},
  	number={C},
  	pages={8-28},
  	month={}
}

@TechReport{alexopoulosandcohen:09,
  author={Michelle Alexopoulos and Jon Cohen},
  title={{Uncertain Times, uncertain measures}},
  year=2009,
  month=Feb,
  institution={University of Toronto, Department of Economics},
  type={Working Papers},
  number={tecipa-352}
}

@article{barlevy:04,
	Author = {Barlevy, Gadi},
	Title = {{The Cost of Business Cycles Under Endogenous Growth}},
	Journal = {American Economic Review},
	Volume = {94},
	Number = {4},
	Year = {2004},
	Month = {September},
	Pages = {964-990}
}


@book{IMF:12,
	author={{IMF}},
  	title={{World Economic Outlook: Coping with High Debt and Sluggish Growth}},
  	year={2012},
  	publisher={IMF Press}
}

@TechReport{boudoukhetal:13,
  author={Jacob Boudoukh and Ronen Feldman and Shimon Kogan and Matthew Richardson},
  title={{Which News Moves Stock Prices? A Textual Analysis}},
  year=2013,
  month=Jan,
  institution={National Bureau of Economic Research, Inc},
  type={NBER Working Papers}
}


@article{hobergandphillips:10,
	author = {Hoberg, Gerard and Phillips, Gordon},
	title = {Product Market Synergies and Competition in Mergers and Acquisitions: A Text-Based Analysis},
	journal = {The Review of Financial Studies},
	volume = {23},
	number = {10},
	pages = {3773-3811},
	year = {2010},
doi = {10.1093/rfs/hhq053}
}

@article{genthkowandshapiro:10,
  author={Matthew Gentzkow and Jesse M. Shapiro},
  title={{What Drives Media Slant? Evidence From U.S. Daily Newspapers}},
  journal={Econometrica},
  year=2010,
  volume={78},
  number={1},
  pages={35-71},
  month={January}
}

@book{IMF:13,
	author={{IMF}},
  	title={{World Economic Outlook, April 2013: Hopes, Realities, Risks}},
  	year={2013},
  	publisher={IMF Press}
}


@misc{FOMC:09,
  	title = {{Minutes of the December (2009) Meeting}},
  	author={{Federal Open Market Committee}},
  	year={2009},
  	howpublished = {\url{https://www.federalreserve.gov/monetarypolicy/fomcminutes20091216.htm}}
}


@article{panousiandpananikolaou:12,
author={Vasia Panousi and Dimitris Papanikolaou},
year={2012},
title ={{Investment, Idiosyncratic Risk, and Ownership}},
volume = {67},
pages = {1113--1148},
journal = {Journal of Finance},
number = {3}
}


@article{vallettaandbengali:13,
	title = {What’s behind the increase in part-time work?},
	author = {Valletta, Robert and Bengali, Leila},
	year = {2013},
	journal = {FRBSF Economic Letter},
	pages = {24}
}




@article{leducandliu:16,
  	author={Leduc, Sylvain and Liu, Zheng},
  	title={{Uncertainty shocks are aggregate demand shocks}},
  	journal={Journal of Monetary Economics},
  	year=2016,
  	volume={82},
  	number={C},
  	pages={20-35},
  	month={}
}

@ARTICLE{abelandeberly:96,
title = {Optimal Investment with Costly Reversibility},
author = {Abel, Andrew B. and Eberly, Janice C.},
year = {1996},
journal = {Review of Economic Studies},
volume = {63},
number = {4},
pages = {581-593}
}




@article{bekaertetal:13,
	title = {{Risk, uncertainty and monetary policy}},
	author = {Bekaert, Geert and Hoerova, Marie and Lo Duca, Marco},
	year = {2013},
	journal = {Journal of Monetary Economics},
	volume = {60},
	number = {7},
	pages = {771-788}
}

@article{gilchristandwilliams:05,
	title = {{Investment, Capacity, and Uncertainty: A Putty-Clay Approach}},
	author = {Gilchrist, Simon and Williams, John},
	year = {2005},
	journal = {Review of Economic Dynamics},
	volume = {8},
	number = {1},
	pages = {1-27}
}


@article{hodrickandprescott:97,
	title = {{Postwar U.S. Business Cycles: An Empirical Investigation}},
	author = {Hodrick, Robert and Prescott, Edward},
	year = {1997},
	journal = {Journal of Money, Credit and Banking},
	volume = {29},
	number = {1},
	pages = {1-16}
}



@Article{basuandbundick:17,
  author={Susanto Basu and Brent Bundick},
  title={{Uncertainty Shocks in a Model of Effective Demand}},
  journal={Econometrica},
  year=2017,
  volume={85},
  number={},
  pages={937-958},
  month={May}
}

@Article{christianoetal:14,
  author={Lawrence J. Christiano and Roberto Motto and Massimo Rostagno},
  title={{Risk Shocks}},
  journal={American Economic Review},
  year=2014,
  volume={104},
  number={1},
  pages={27-65},
  month={January}
}


@Article{pastorandveronesi:13,
  author={Pástor, L'ubos and Veronesi, Pietro},
  title={{Political uncertainty and risk premia}},
  journal={Journal of Financial Economics},
  year=2013,
  volume={110},
  number={3},
  pages={520-545},
  month={}
}

@article{christianoetal:05,
  	author={Lawrence J. Christiano and Martin Eichenbaum and Charles L. Evans},
  	title={{Nominal Rigidities and the Dynamic Effects of a Shock to Monetary Policy}},
  	journal={Journal of Political Economy},
  	year=2005,
  	volume={113},
  	number={1},
  	pages={1-45},
  	month={February}
}


@book{shackle:72,
  title={Epistemics and Economics: A Critique of Economic Doctrines},
  author={Shackle, G.L.S.},
  isbn={9781138522923},
  year={2017},
  publisher={Taylor \& Francis}
}

@article{dequech:14,
	author = {David Dequech},
	title = {{Uncertainty: A Typology and Refinements of Existing Concepts}},
	journal = {Journal of Economic Issues},
	volume = {45},
	number = {3},
	pages = {621-640},
	year  = {2011},
	publisher = {Routledge}
}

@article{meghirandpistaferri:04,
  author={Costas Meghir and Luigi Pistaferri},
  title={{Income Variance Dynamics and Heterogeneity}},
  journal={Econometrica},
  year=2004,
  volume={72},
  number={1},
  pages={1-32},
  month={January}
}

@article{kregel:87,
	year = 1987,
	month = {dec},
	publisher = {Springer Nature},
	volume = {135},
	number = {4},
	pages = {520--532},
	author = {J. A. Kregel},
	title = {{Rational spirits and the post Keynesian macrotheory of microeconomics}},
	journal = {De Economist}
}

@book{savage:54,
	year = {1954},
	author = {Leonard J. Savage},
	title = {The Foundations of Statistics},
	publisher = {Wiley Publications in Statistics}
}

@article{dosiandegidi:91,
	title = {{Substantive and Procedural Uncertainty: An Exploration of Economic 		Behaviours in Changing Environments}},
	author = {Dosi, Giovanni and Egidi, Massimo},
	year = {1991},
	journal = {Journal of Evolutionary Economics},
	volume = {1},
	number = {2},
	pages = {145-68}
}

@TechReport{brugnolini:18,
  	author={Luca Brugnolini},
  	title={{About Local Projection Impulse Response Function Reliability}},
  	year={2018},
  	url={https://lucabrugnolini.github.io/publication/local_projection.pdf}
}

@book{lutkepohl:05,
  address = {Berlin [u.a.]},
  author = {Lütkepohl, Helmut},
  publisher = {Springer},
  title = {{New introduction to multiple time series analysis}},
  year = {2005}
}

@Article{rubioetal:10,
  author={Juan F. Rubio-Ramírez and Daniel F. Waggoner and Tao Zha},
  title={{Structural Vector Autoregressions: Theory of Identification and Algorithms for Inference}},
  journal={Review of Economic Studies},
  year=2010,
  volume={77},
  number={2},
  pages={665-696}
}

@TechReport{kozeniauskas:15,
  	author={Laura Veldkamp and Anna Orlik and Nicholas Kozeniauskas},
  	title={{Black Swans and the Many Shades of Uncertainty}},
  	year={2015},
  	institution={Society for Economic Dynamics},
  	type={2015 Meeting Papers},
  	number={677}
}

@book{knight:21,
  	address = {Boston, MA},
  	author = {Knight, Frank H.},
  	publisher = {Houghton Mifflin Co},
  	title = {{Risk, Uncertainty and Profit}},
  	year = 1921
}


@techreport{ludvigsonetal:17,
 title = {{Shock Restricted Structural Vector-Autoregression}},
 author = {Sydney C. Ludvigson and Sai Ma and Serena Ng},
 institution = {National Bureau of Economic Research},
 type = {Working Paper},
 series = {Working Paper Series},
 number = {23225},
 year = {2017},
 month = {March}
}

@ARTICLE{rothenberg:71,
title = {Identification in Parametric Models},
author = {Rothenberg, Thomas J},
year = {1971},
journal = {Econometrica},
volume = {39},
number = {3},
pages = {577-91}
}

@Article{ngandwright:13,
  author={Serena Ng and Jonathan H. Wright},
  title={{Facts and Challenges from the Great Recession for Forecasting and Macroeconomic Modeling}},
  journal={Journal of Economic Literature},
  year=2013,
  volume={51},
  number={4},
  pages={1120-1154},
  month={December}
}

@article{newest:87,
	title = {{A Simple, Positive Semi-definite, Heteroskedasticity and Autocorrelation Consistent Covariance Matrix}},
	author = {Newey, Whitney and West, Kenneth},
	year = {1987},
	journal = {Econometrica},
	volume = {55},
	number = {3},
	pages = {703-08}
}

@article{dow:16,
	title = {{Uncertainty: A diagrammatic treatment}},
	author = {Dow, Sheila},
	year = {2016},
	journal = {Economics - The Open-Access, Open-Assessment E-Journal},
	volume = {10},
	pages = {1-25}
}

@article{orlikandveldkamp:14,
	title = {{Understanding Uncertainty Shocks and the Role of Black Swans}},
	author = {Orlik, Anna and Veldkamp, Laura},
	year = {2014}
}

@ARTICLE{bornandpfeifer:14,
title = {Policy risk and the business cycle},
author = {Born, Benjamin and Pfeifer, Johannes},
year = {2014},
journal = {Journal of Monetary Economics},
volume = {68},
number = {C},
pages = {68-85}
}

@article{juradoetal:15,
	author = {Jurado, Kyle and Ludvigson, Sydney C. and Ng, Serena},
	title = {{Measuring Uncertainty}},
	journal = {American Economic Review},
	volume = {105},
	number = {3},
	year = {2015},
	month = {March},
	pages = {1177-1216}
}

@Article{hopenhayn:92,
  author={Hopenhayn, Hugo A},
  title={{Entry, Exit, and Firm Dynamics in Long Run Equilibrium}},
  journal={Econometrica},
  year=1992,
  volume={60},
  number={5},
  pages={1127-1150},
  month={September},
  keywords={}
}

@misc{saltarietal:kA,
	author={Enrico Saltari and Davide Ticchi},
  	title={{Can risk aversion really explain the negative investment-uncertainty relationship?}}
}

% WARNING: This file may contain UTF-8 (unicode) characters.
% While non-8-bit characters are officially unsupported in BibTeX, you
% can use them with the biber backend of biblatex
%    usepackage[backend=biber]{biblatex}

@techreport{ludvigsonetal:18,
 title = {{Uncertainty and Business Cycles: Exogenous Impulse or Endogenous Response?}},
 author = {Sydney C. Ludvigson and Sai Ma and Serena Ng},
 institution = {National Bureau of Economic Research},
 type = {Working Paper},
 series = {Working Paper Series},
 number = {21803},
 year = {2018},
 month = {December}
}

@Article{blanchardandquah:89,
  author={Blanchard, Olivier Jean and Quah, Danny},
  title={{The Dynamic Effects of Aggregate Demand and Supply Disturbances}},
  journal={American Economic Review},
  year=1989,
  volume={79},
  number={4},
  pages={655-673},
  month={September}
}

@ARTICLE{abel:83,
title = {Optimal Investment under Uncertainty},
author = {Abel, Andrew},
year = {1983},
journal = {American Economic Review},
volume = {73},
number = {1},
pages = {228-33}
}

@ARTICLE{hartman:72,
title = {The effects of price and cost uncertainty on investment},
author = {Hartman, Richard},
year = {1972},
journal = {Journal of Economic Theory},
volume = {5},
number = {2},
pages = {258-266}
}

@article{oi:61,
	author = {Walter Y. Oi},
	title = {{The Desirability of Price Instability Under Perfect Competition}},
	journal = {Econometrica},
	volume = {29},
	number = {1},
	year = {1961},
	month = {January},
	pages = {58-64}
}

@TECHREPORT{carrollandkimball:06,
title = {Precautionary Saving and Precautionary Wealth},
author = {Carroll, Christopher and Kimball, Miles},
year = {2006},
institution = {The Johns Hopkins University,Department of Economics},
type = {Economics Working Paper Archive},
abstract = {This is an entry for The New Palgrave Dictionary of Economics, 2nd Ed.},
url = {https://EconPapers.repec.org/RePEc:jhu:papers:530}
}

@TechReport{bakeretal:15,
  	author={Scott R. Baker and Nicholas Bloom and Steven J. Davis},
  	title={{Measuring Economic Policy Uncertainty}},
  	year=2015,
  	month=Oct,
  	institution={Centre for Economic Performance, LSE},
  	type={CEP Discussion Papers}
}

@TechReport{ramey:16,
  	author={Valerie A. Ramey},
  	title={{Macroeconomic Shocks and Their Propagation}},
  	year=2016,
  	month=Feb,
  	institution={National Bureau of Economic Research, Inc},
  	type={NBER Working Papers},
  	number={21978}
}


@book{taleb:08,
  	title = {{The Black Swan: The Impact of the Highly Improbable}},
  	address = {London},
  	author = {Taleb, Nassim Nicholas},
  	publisher = {Random House},
  	year = {2008}
}


